<record><leader>00000cas a22000007a 4500</leader><controlfield tag="001">1757416</controlfield><controlfield tag="008">751101d19241970mnuwr ne      0    0eng d</controlfield><datafield ind1=" " ind2=" " tag="010"><subfield code="a">sn 90059245 </subfield></datafield><datafield ind1=" " ind2=" " tag="040"><subfield code="a">MUL</subfield><subfield code="b">eng</subfield><subfield code="c">MUL</subfield><subfield code="d">MN#</subfield><subfield code="d">OCLCQ</subfield><subfield code="d">OCLCF</subfield><subfield code="d">OCLCO</subfield></datafield><datafield ind1=" " ind2=" " tag="042"><subfield code="a">msc</subfield></datafield><datafield ind1=" " ind2=" " tag="043"><subfield code="a">n-us-mn</subfield></datafield><datafield ind1=" " ind2=" " tag="052"><subfield code="a">4144</subfield><subfield code="b">M476</subfield></datafield><datafield ind1=" " ind2=" " tag="052"><subfield code="a">4143</subfield><subfield code="b">M35</subfield></datafield><datafield ind1="0" ind2="4" tag="245"><subfield code="a">The Middle River record.</subfield></datafield><datafield ind1=" " ind2=" " tag="260"><subfield code="a">Middle River, Marshall County, Minn. :</subfield><subfield code="b">J.B. Sprague,</subfield><subfield code="c">-1970.</subfield></datafield><datafield ind1=" " ind2=" " tag="300"><subfield code="a">v.</subfield></datafield><datafield ind1=" " ind2=" " tag="310"><subfield code="a">Weekly</subfield></datafield><datafield ind1="1" ind2=" " tag="362"><subfield code="a">Began in 1924.</subfield></datafield><datafield ind1="0" ind2=" " tag="362"><subfield code="a">-v. 25, no. 52 (Dec. 30, 1970).</subfield></datafield><datafield ind1=" " ind2=" " tag="515"><subfield code="a">Volume and numbering irregular: &lt;Vol. 17, no. 19 (Mar. 20 1924)&gt;-v. 54, no. 19 (Jan. 18, 1961) ; v. 15, no. 20 (Jan. 25, 1961)-v. 25, no. 52 (Dec. 30, 1970).</subfield></datafield><datafield ind1=" " ind2=" " tag="530"><subfield code="a">Available on microfilm from the Minnesota Historical Society.</subfield></datafield><datafield ind1=" " ind2=" " tag="588"><subfield code="a">Description based on: Vol. 17, no. 19 (Mar. 20, 1924).</subfield></datafield><datafield ind1=" " ind2="0" tag="651"><subfield code="a">Middle River (Minn.)</subfield><subfield code="v">Newspapers.</subfield></datafield><datafield ind1=" " ind2="7" tag="655"><subfield code="a">Newspapers.</subfield><subfield code="2">fast</subfield><subfield code="0">(OCoLC)fst01423814</subfield></datafield><datafield ind1=" " ind2="7" tag="651"><subfield code="a">Minnesota</subfield><subfield code="z">Middle River.</subfield><subfield code="2">fast</subfield><subfield code="0">(OCoLC)fst01255485</subfield></datafield><datafield ind1=" " ind2=" " tag="752"><subfield code="a">United States</subfield><subfield code="b">Minnesota</subfield><subfield code="c">Marshall</subfield><subfield code="d">Middle River.</subfield></datafield><datafield ind1="0" ind2="0" tag="780"><subfield code="t">Oslo tribune</subfield><subfield code="w">(DLC)sn 90059229</subfield></datafield><datafield ind1="0" ind2="0" tag="785"><subfield code="t">Record (Middle River, Minn.)</subfield><subfield code="w">(DLC)sn 90059224</subfield></datafield></record>